@article{alphagozero,
    author        = {Silver D., Schrittwieser, et al.},
    title         = {Mastering the game of Go without human knowledge},
    journaltitle  = {Nature 550, 354-359},
    year          = {2017},
    url           = {https://doi.org/10.1038/nature24270}
}

@article{alphago1,
    author        = {Silver, David, et al.},
    title         = {Mastering the game of Go with deep neural networks and tree search},
    journaltitle  = {nature 529.7587 (2016): 484-489},
    year          = {2016},
}

@online{alphafold,
    author        = {Deepmind},
    title         = {AlphaFold},
    year          = {2020},
    url           = {https://deepmind.com/blog/article/alphafold-a-solution-to-a-50-year-old-grand-challenge-in-biology}
}

@article{alphago,
    author        = {Silver, David, et al.},
    title         = {A general reinforcement learning algorithm that masters chess, shogi, and Go through self-play. },
    journaltitle  = {Science 362.6419 (2018): 1140-1144},
    year          = {2018},
}

@article{muzero,
    author        = {Schrittwieser, Julian, et al.},
    title         = {Mastering atari, go, chess and shogi by planning with a learned model.},
    journaltitle  = {arXiv preprint arXiv:1911.08265},
    year          = {2019},
}

@book{AIBook,
    author        = {Russell S, Norvig P.},
    title         = {Artificial intelligence: a modern approach (4th Edition)},
    year          = {2021},
    publisher     = {Pearson},
}

@online{pytorch,
    author        = {facebook},
    title         = {pytorch},
    url           = {https://pytorch.org/}
}

@article{predictron,
    author        = {Silver, David, et al.},
    title         = {The predictron: End-to-end learning and planning},
    journaltitle  = {International Conference on Machine Learning. PMLR},
    year          = {2017},
}

@book{sutton,
    author        = {Richard S. Sutton},
    title         = {Introduction to reinforcement learning (2nd edition)},
    year          = {2018},
    publisher     = {Cambridge: MIT press},
}

@article{nfq,
    author        = {Riedmiller, Martin},
    title         = {Neural fitted Q iterationâ€“first experiences with a data efficient neural reinforcement learning method},
    journaltitle  = {European Conference on Machine Learning, pp. 317-328. Springer, Berlin, Heidelberg},
    year          = {2005},
}

@article{dqn,
    author        = {Mnih, Volodymyr, Koray Kavukcuoglu, David Silver, Andrei A. Rusu, Joel Veness, Marc G. Bellemare, Alex Graves et al.},
    
    title         = {Human-level control through deep reinforcement learning.},
    journaltitle  = {nature 518, no. 7540 (2015): 529-53},
    year          = {2015},
}

